<?xml version="1.0" encoding="UTF-8"?><collection xmlns="http://www.loc.gov/MARC21/slim"><record><leader>00387nam--2200133-i-4500</leader><controlfield tag="001">000022501</controlfield><controlfield tag="002">20161230</controlfield><controlfield tag="005">20161230201034</controlfield><controlfield tag="008">060222s1000------------r-----000-0-eng-d</controlfield><datafield ind1=" " ind2=" " tag="100"><subfield code="a">Harrison, Michel A</subfield></datafield><datafield ind1=" " ind2=" " tag="245"><subfield code="a">Introductin to switching and automata theory</subfield></datafield><datafield ind1=" " ind2=" " tag="260"><subfield code="a">New Yor, Mc.Graw-hill Book Co.,1965. Xvii + 499 P</subfield></datafield><datafield ind1=" " ind2=" " tag="490"><subfield code="a">Mcgraw-hill Series In Systems Science</subfield></datafield><datafield ind1=" " ind2=" " tag="852"><subfield code="a">22439</subfield></datafield></record></collection>